@misc{trab1,
  author = {Rodriguez, Noemi},
  title = {Trabalho 1 - Sistemas Distribu√≠dos - Biblioteca RPC},
  howpublished = {\url{http://www.inf.puc-rio.br/~noemi/sd-14/trab1.html}},
  year = {2014},
  note = {[Online; acessado em 15-Abril-2014]},
  key = {},
}

@misc{metat,
  author = {Ierusalimschy, Roberto},
  title = {Programming in Lua},
  howpublished = {\url{http://www.lua.org/pil/13.html}},
  year = {2004},
  note = {[Online; acessado em 15-Abril-2014]},
  key = {},
}

@misc{weakt,
  author = {Ierusalimschy, Roberto},
  title = {Programming in Lua},
  howpublished = {\url{http://www.lua.org/pil/17.html#weaktables}},
  year = {2004},
  note = {[Online; acessado em 15-Abril-2014]},
  key = {},
}
